% This file was created with JabRef 2.10.
% Encoding: UTF8


@Book{föllinger1988optimierung,
  Title                    = {Optimierung dynamischer Systeme: eine Einführung für Ingenieure ; mit 7 Tabellen und 16 Übungsaufgaben mit genauer Darstellung des Lösungsweges},
  Author                   = {Föllinger, O. and Roppenecker, G.},
  Publisher                = {Oldenbourg},
  Year                     = {1988},
  Series                   = {Methoden der Regelungstechnik},

  ISBN                     = {9783486207033},
  Url                      = {https://books.google.de/books?id=7ISqAAAACAAJ}
}

@Book{geering2007optimal,
  Title                    = {Optimal Control with Engineering Applications},
  Author                   = {Geering, H.P.},
  Publisher                = {Springer Berlin Heidelberg},
  Year                     = {2007},

  ISBN                     = {9783540694380},
  Lccn                     = {2007920933},
  Url                      = {https://books.google.com.au/books?id=oLEk009WAEEC}
}

@Book{Geiger2002,
  Title                    = {Theorie und Numerik Restringiererter Optimierungsaugaben},
  Author                   = {Geiger, C. and Kanzow, C.},
  Publisher                = {Springer Berlin Heidelberg},
  Year                     = {2002},
  Series                   = {Springer-Lehrbuch Masterclass},

  ISBN                     = {9783540427902},
  Url                      = {https://books.google.de/books?id=spmzFyso\_b8C}
}

@Book{Gill1981,
  Title                    = {Practical optimization},
  Author                   = {Gill, P.E. and Murray, W. and Wright, M.H.},
  Publisher                = {Academic Press},
  Year                     = {1981},

  ISBN                     = {9780122839504},
  Lccn                     = {81066366},
  Url                      = {https://books.google.de/books?id=xUzvAAAAMAAJ}
}

@Book{ludyk1995theoretische,
  Title                    = {Theoretische Regelungstechnik 1: Grundlagen, Synthese linearer Regelungssysteme},
  Author                   = {Ludyk, G.},
  Publisher                = {Springer Berlin Heidelberg},
  Year                     = {1995},
  Series                   = {Springer-Lehrbuch},

  ISBN                     = {9783540550419},
  Url                      = {https://books.google.de/books?id=YqEdPQAACAAJ}
}

